@PREAMBLE{
 "\providecommand{\noopsort}[1]{}" 
 # "\providecommand{\singleletter}[1]{#1}%" 
}


@article{ghadimi_main_paper,
    title = {Elastic strain engineering for ultralow mechanical dissipation},
    author = {Ghadimi, A. H. and Fedorov, S. A. and Engelsen, N. J. and Bereyhi, M. J. and Schilling, R. and Wilson, D. J. and Kippenberg, T. J.},    
    publisher = {American Association for the Advancement of Science},    
    doi = {10.1126/science.aar6939},
    url = {https://science.sciencemag.org/content/360/6390/764},
    year = {2019},
    month = {11},

    urldate = {2019-11-6},
    volume = {360},
    journal = {Science},
    issue = {6390},
    pages = {764-768},
}

@article{cavity_optomechanics_2014,
  title = {Cavity optomechanics},
  author = {Aspelmeyer, Markus and Kippenberg, Tobias J. and Marquardt, Florian},
  journal = {Rev. Mod. Phys.},
  volume = {86},
  issue = {4},
  pages = {1391--1452},
  numpages = {62},
  year = {2014},
  month = {Dec},
  publisher = {American Physical Society},
  doi = {10.1103/RevModPhys.86.1391},
  url = {https://link.aps.org/doi/10.1103/RevModPhys.86.1391}
}


@article{generalized_dissipation_dilution,
    title = {Generalized dissipation dilution in strained mechanical resonators},
    author = {Fedorov, S. A. and Engelsen, N. J. and Ghadimi, A. H. and Bereyhi, M. J. and Schilling, R. and Wilson, D. J. and Kippenberg, T. J.},    
    doi = {10.1103/physrevb.99.054107},
    year = {2018},
    month = {7},

    volume = {99},
    journal = {Physical Review B},
    issue = {5},
}


@phdthesis{ghadimi_thesis,
    title = {Ultra-coherent nano-mechanical resonators for quantum optomechanics at room temperature},
    school={École Polytechnique Fédérale de Lausanne},
    author = {Ghadimi, Amir},
    year = {2018},
    month = {11},

}

@article{project_paper,
    title = {Progress toward cryogen-free spin-photon interfaces based on nitrogen-vacancy centers and optomechanics},
    author = {Ghobadi, Roohollah and Wein, Stephen and Kaviani, Hamidreza and Barclay, Paul and Simon, Christoph},    
    doi = {10.1103/physreva.99.053825},
    year = {2019},
    month = {2},

    volume = {99},
    journal = {Physical Review A},
    issue = {5},
}

@article{elastic_strain_engineering,
    title = {Elastic strain engineering for unprecedented materials properties},
    author = {Li, Ju and Shan, Zhiwei and Ma, Evan},    
    publisher = {Cambridge University Press},    
    doi = {10.1557/mrs.2014.3},
    year = {2019},
    month = {11},

    urldate = {2019-11-6},
    volume = {39},
    journal = {MRS Bulletin},
    issue = {2},
    pages = {108-114},
}

@article{two_level_damping,
    title = {Two-level system damping in a quasi-one-dimensional optomechanical resonator},
    author = {Hauer, B. D. and Kim, P. H. and Doolin, C. and Souris, F. and Davis, J. P.},    
    doi = {10.1103/physrevb.98.214303},
    url = {10.1103/physrevb.98.214303},
    year = {2018},
    month = {09},

    urldate = {2019},
    volume = {98},
    journal = {Phys. Rev. B},
    issue = {21},
}

@article{surface_losses,
    title = {Evidence of Surface Loss as Ubiquitous Limiting Damping Mechanism in SiN Micro- and Nanomechanical Resonators},
    author = {Villanueva, L.G. and Schmid, S.},    
    doi = {10.1103/physrevlett.113.227201},
    url = {10.1103/physrevlett.113.227201},
    year = {2018},
    month = {07},

    urldate = {2019},
    volume = {113},
    journal = {Phys. Rev. Lett.},
    issue = {22},
}

@misc{ruchir_nanobeam_program,
    title = {Ruchir555/Computational-Physics},
    author = {Tullu, Ruchir},
    url = {https://github.com/Ruchir555/Computational-Physics/blob/master/nanobeam_parameters.py},
    year = {2019},
    month = {01},

    urldate = {2019},
    journal = {GitHub},
}

@misc{what_is_geometric_nonlinearity,
    title = {What Is Geometric Nonlinearity?},
    author = {Sönnerlind, Henrik},
    url = {https://www.comsol.com/blogs/what-is-geometric-nonlinearity/},
    year = {2019},
    month = {01},

    urldate = {2019},
    journal = {COMSOL Multiphysics},
}

@article{trampoline_resonators,
    title = {Optomechanical trampoline resonators},
    author = {Kleckner, Dustin and Pepper, Brian and Jeffrey, Evan and Sonin, Petro and Thon, Susanna M. and Bouwmeester, Dirk},    
    publisher = {OSA Publishing},    
    doi = {https://doi.org/10.1364/OE.19.019708},
    year = {2011},
    month = {01},
    journal = {Optics Express},
    urldate = {2019-11-6},
    volume = {19},
    issue = {20},
}

@article{mechanical_resonators_optomechanics_room_temp,
    title = {Mechanical Resonators for Quantum Optomechanics Experiments at Room Temperature},
    author = {Norte, R.A. and Moura, J.P. and Gröblacher, S.},    
    doi = {10.1103/physrevlett.116.147202},
    url = {10.1103/physrevlett.116.147202},
    year = {2015},
    month = {11},
    
    urldate = {2019-11-6},
    volume = {116},
    journal = {Phys. Rev. Lett.},
    issue = {14},
}

@article{SiN_trampoline_resonators,
    title = {Ultralow-Noise SiN Trampoline Resonators for Sensing and Optomechanics},
    author = {Reinhardt, Christoph and Müller, Tina and Bourassa, Alexandre and Sankey, Jack C.},    
    doi = {10.1103/physrevx.6.021001},
    url = {10.1103/physrevx.6.021001},
    year = {2015},
    month = {11},

    urldate = {2019-11-6},
    volume = {6},
    journal = {Phys. Rev. X},
    issue = {2},
}

@article{CNT_resonator,
    title = {Optomechanics with a hybrid carbon nanotube resonator},
    author = {Tavernarakis, A. and Stavrinadis, A. and Nowak, A. and Tsioutsios, I. and Bachtold, A. and Verlot, P.},    
    doi = {10.1038/s41467-018-03097-z},
    url = {10.1038/s41467-018-03097-z},
    year = {2018},
    month = {02},

    urldate = {2019-11-6},
    volume = {9},
    journal = {Nat Commun},
    issue = {1},
}

@article{CNT,
    title = {Spin-based Optomechanics with Carbon Nanotubes},
    author = {Li, Jin-Jin and Zhu, Ka-Di},    
    doi = {10.1038/srep00903},
    url = {10.1038/srep00903},
    year = {2012},
    month = {11},

    urldate = {2019-11-6},
    volume = {2},
    journal = {Sci Rep},
    issue = {1},
}

@misc{fabry_perot_cavity,
    title = {Fabry-Perot Cavity},
    author = {COMSOL},
    url = {https://www.comsol.com/model/fabry-perot-cavity-14711},
    year = {2019},
    urldate = {2019-11-6},
    journal = {COMSOL Multiphysics®},
}

@article{NV_center_fluorescence,
    title = {Enhanced fluorescence of nitrogen vacancy diamond color center via monomer and dimer core-shell nanoresonators},
    author = {Csete, M. and Szenes, A. and Vass, D. and Bánhelyi, B. and Csendes, T. and Szabó, G.},    
    journal = {Plasmonics},
    doi = {10.1364/noma.2018.noth4d.3},
    url = {10.1364/noma.2018.noth4d.3},
    year = {2016},
    month = {01},

    urldate = {2019-11-6},
}

@article{I_V_CNT,
    title = {Current-voltage characteristics of carbon nanotubes with substitutional nitrogen},
    author = {Kaun, Chao-Cheng and Larade, Brian and Mehrez, Hatem and Taylor, Jeremy and Guo, Hong},    
    doi = {10.1103/physrevb.65.205416},
    url = {10.1103/physrevb.65.205416},
    year = {2002},
    month = {05},

    urldate = {2019-11-6},
    volume = {65},
    journal = {Phys. Rev. B},
    issue = {20},
}

@book{Strauss_PDES,
    title = {Partial Differential Equations: An Introduction, 2nd Edition},
    author = {Strauss, Walter A.},    
    publisher = {Wiley Global Education},
    isbn = {9781118313169},
    year = {2007},
    month = {12},

    chapter = {8},
    pages = {222-223},
    edition = {2},
}

        
 
